@article{Al-Fudail2008-zo,
  title    = {Investigating teacher stress when using technology},
  author   = {Al-Fudail, Mohammed and Mellar, Harvey},
  journal  = {Comput. Educ.},
  volume   = 51,
  number   = 3,
  pages    = {1103--1110},
  year     = 2008,
  language = {en}
}

@book{Bonwell1991-sl,
  title     = {Active learning 1991: Active learning {Ashe-Eric/higher}
               education research report no. 1, v. 20},
  author    = {Bonwell, Charles C and Eison, James A},
  publisher = {George Washington University, Graduate School of Education \&
               Human Development},
  year      = 1991,
  address   = {Washington, D.C., DC},
  language  = {en}
}

@book{Burgess2003-oy,
  title     = {Field research: A sourcebook and field manual},
  author    = {Burgess, Robert G},
  publisher = {Routledge},
  year      = 2003,
  address   = {London, England},
  language  = {en}
}

@book{Schuler2017-ka,
  title     = {Participatory design: Principles and practices},
  author    = {Schuler, Douglas and Namioka, Aki},
  publisher = {Routledge},
  year      = 2017,
  address   = {London, England},
  language  = {en}
}

@article{Clow2013-ww,
  title    = {An overview of learning analytics},
  author   = {Clow, Doug},
  journal  = {Teach. High. Educ.},
  volume   = 18,
  number   = 6,
  pages    = {683--695},
  year     = 2013,
  language = {en}
}

@misc{Davis_undated-sg,
  title        = {A comparison of pyramids versus brainstorming in a problem
                  based learning environment},
  booktitle    = {Edu.au},
  author       = {Davis, Wendy},
  year         = {2002},
  howpublished = {\url{https://litec.curtin.edu.au/events/conferences/tlf/tlf2002/davisw.html}},
  note         = {Accessed: 2021-1-31}
}

@article{Dillenbourg2011-zr,
  title    = {Classroom orchestration: The third circle of usability},
  author   = {Dillenbourg, Pierre and Zufferey, Guillaume and Alavi, Hamed and
              Jermann, Patrick and Do-Lenh, Son and Bonnard, Quentin and
              Cuendet, Sebastien and Kaplan, Frederic},
  year     = 2011,
  language = {en}
}

@incollection{Dillenbourg2009-jl,
  title     = {The evolution of research on computer-supported collaborative
               learning},
  booktitle = {{Technology-Enhanced} Learning},
  author    = {Dillenbourg, Pierre and J{\"a}rvel{\"a}, Sanna and Fischer,
               Frank},
  publisher = {Springer Netherlands},
  pages     = {3--19},
  year      = 2009,
  address   = {Dordrecht}
}

@article{Dillenbourg2013-kx,
  title    = {Design for classroom orchestration},
  author   = {Dillenbourg, Pierre},
  journal  = {Comput. Educ.},
  volume   = 69,
  pages    = {485--492},
  year     = 2013,
  language = {en}
}

@incollection{Emin2010-dv,
  title     = {{ScenEdit}: An intention-oriented authoring environnment to
               design learning scenarios},
  booktitle = {Sustaining {TEL}: From Innovation to Learning and Practice},
  author    = {Emin, Val{\'e}rie and Pernin, Jean-Philippe and Aguirre,
               Jos{\'e} Luis},
  publisher = {Springer Berlin Heidelberg},
  pages     = {626--631},
  year      = 2010,
  address   = {Berlin, Heidelberg}
}

@article{Fernandez2011-ln,
  title    = {Usability evaluation methods for the web: A systematic mapping
              study},
  author   = {Fernandez, Adrian and Insfran, Emilio and Abrah{\~a}o, Silvia},
  journal  = {Inf. Softw. Technol.},
  volume   = 53,
  number   = 8,
  pages    = {789--817},
  year     = 2011,
  language = {en}
}

@article{Gray1998-oo,
  title    = {Damaged merchandise? A review of experiments that compare
              usability evaluation methods},
  author   = {Gray, Wayne D and Salzman, Marilyn C},
  journal  = {Hum.-comput. interact.},
  volume   = 13,
  number   = 3,
  pages    = {203--261},
  year     = 1998,
  language = {en}
}

@article{Jeong2019-ul,
  title    = {Ten years of {Computer-Supported} Collaborative Learning: A
              meta-analysis of {CSCL} in {STEM} education during 2005--2014},
  author   = {Jeong, Heisawn and Hmelo-Silver, Cindy E and Jo, Kihyun},
  journal  = {Educ. Res. Rev.},
  volume   = 28,
  number   = 100284,
  pages    = {100284},
  year     = 2019,
  language = {en}
}

@inproceedings{Hernandez-leo2006-lv,
  title     = {S.: {CSCL} scripting patterns: Hierarchical relationships and
               applicability},
  booktitle = {In: Proceedings of the 6th {IEEE} International Conference on
               Advanced Learning Technologies},
  author    = {Hern{\'a}ndez-leo, Davinia and Villasclaras-fern{\'a}ndez, Eloy
               D and Asensio-p{\'e}rez, Juan I and Dimitriadis, Yannis A and
               Retalis, Symeon},
  year      = 2006
}

@article{Hernandez-Leo2011-qa,
  title    = {{LdShake}: Learning design solutions sharing and co-edition},
  author   = {Hern{\'a}ndez-Leo, Davinia and Romeo, Lauren and Carralero,
              Miguel A and Chac{\'o}n, Jonathan and Carri{\'o}, Mar and Moreno,
              Pau and Blat, Josep},
  journal  = {Comput. Educ.},
  volume   = 57,
  number   = 4,
  pages    = {2249--2260},
  year     = 2011,
  language = {en}
}

@inproceedings{Jivet2018-nw,
  title     = {License to evaluate: Preparing learning analytics
                     dashboards for educational practice},
  booktitle = {Proceedings of the 8th International Conference on
                     Learning Analytics and Knowledge - {LAK} '18},
  author    = {Jivet, Ioana and Scheffel, Maren and Specht, Marcus and
                     Drachsler, Hendrik},
  publisher = {ACM Press},
  year      = 2018,
  address   = {New York, New York, USA}
}

@article{Kirschner2015-yg,
  title    = {Do we need teachers as designers of technology enhanced learning?},
  author   = {Kirschner, Paul A},
  journal  = {Instr. Sci.},
  volume   = 43,
  number   = 2,
  pages    = {309--322},
  year     = 2015,
  language = {en}
}

@article{Kollar2006-lk,
  title    = {Collaboration scripts -- A conceptual analysis},
  author   = {Kollar, Ingo and Fischer, Frank and Hesse, Friedrich W},
  journal  = {Educ. Psychol. Rev.},
  volume   = 18,
  number   = 2,
  pages    = {159--185},
  year     = 2006,
  language = {en}
}

@inproceedings{Kurniawan2013-ti,
  title     = {Stress detection from speech and Galvanic Skin Response
                     signals},
  booktitle = {Proceedings of the 26th {IEEE} International Symposium on
                     {Computer-Based} Medical Systems},
  author    = {Kurniawan, Hindra and Maslov, Alexandr V and Pechenizkiy,
                     Mykola},
  publisher = {IEEE},
  pages     = {209--214},
  year      = 2013
}

@incollection{Manathunga2016-gy,
  title     = {{PyramidApp}: Scalable method enabling collaboration in the
               classroom},
  booktitle = {Adaptive and Adaptable Learning},
  author    = {Manathunga, Kalpani and Hern{\'a}ndez-Leo, Davinia},
  publisher = {Springer International Publishing},
  pages     = {422--427},
  year      = 2016,
  address   = {Cham}
}

@article{Manathunga2018-uu,
  title   = {Authoring and enactment of mobile pyramid-based collaborative
             learning activities: Author and enact mobile {PyramidApp}
             collaborations},
  author  = {Manathunga, Kalpani and Hern{\'a}ndez-Leo, Davinia},
  journal = {Br. J. Educ. Technol.},
  volume  = 49,
  number  = 2,
  pages   = {262--275},
  year    = 2018
}

@article{Millen_undated-et,
  title   = {Rapid ethnography},
  author  = {Millen, David R},
  journal = {Proceedings of the conference on Designing interactive systems
              processes, practices, methods, and techniques - DIS '00}
}

@misc{Nielsen_undated-bf,
  title        = {Ten Usability Heuristics},
  booktitle    = {Semanticscholar.org},
  author       = {Nielsen, Jakob},
  howpublished = {\url{https://pdfs.semanticscholar.org/5f03/b251093aee730ab9772db2e1a8a7eb8522cb.pdf}},
  note         = {Accessed: 2021-1-31}
}

@misc{Nielsen_undated-po,
  title        = {How to conduct a Heuristic Evaluation},
  author       = {Nielsen, Jakob},
  howpublished = {\url{http://www.ingenieriasimple.com/usabilidad/HeuristicEvaluation.pdf}},
  note         = {Accessed: 2021-1-31}
}

@inproceedings{Nielsen1994-un,
  title     = {Enhancing the explanatory power of usability heuristics},
  booktitle = {Proceedings of the {SIGCHI} conference on Human factors in
                     computing systems celebrating interdependence - {CHI} '94},
  author    = {Nielsen, Jakob},
  publisher = {ACM Press},
  year      = 1994,
  address   = {New York, New York, USA}
}

@misc{Nepal_Ojashwi_and_Rk_Jha_and_Bk_Kapoor_undated-ni,
  title        = {Galvanic Skin Response as a Simple Physiology Lab Teaching
                  {Tool-An} Alternative Indicator of Sympathetic Arousal},
  booktitle    = {Researchgate.net},
  author       = {{Nepal, Ojashwi and Rk, Jha and Bk, Kapoor}},
  howpublished = {\url{https://www.researchgate.net/publication/329655236_Galvanic_Skin_Response_as_a_Simple_Physiology_Lab_Teaching_Tool-An_Alternative_Indicator_of_Sympathetic_Arousal}},
  note         = {Accessed: 2021-1-31}
}

@article{Pensabe-Rodriguez2020-qs,
  title    = {Context-aware mobile learning system: Usability assessment based
              on a field study},
  author   = {Pensabe-Rodriguez, Alejandra and Lopez-Dominguez, Eduardo and
              Hernandez-Velazquez, Yesenia and Dominguez-Isidro, Saul and
              De-la-Calleja, Jorge},
  journal  = {Telemat. inform.},
  volume   = 48,
  number   = 101346,
  pages    = {101346},
  year     = 2020,
  language = {en}
}

@article{Prieto2018-vw,
  title   = {Orchestration load indicators and patterns: In-the-wild studies
             using mobile eye-tracking},
  author  = {Prieto, Luis P and Sharma, Kshitij and Kidzinski, Lukasz and
             Dillenbourg, Pierre},
  journal = {IEEE trans. learn. technol.},
  volume  = 11,
  number  = 2,
  pages   = {216--229},
  year    = 2018
}

@incollection{Prieto2015-gd,
  title     = {Studying teacher orchestration load in technology-enhanced
               classrooms},
  booktitle = {Design for Teaching and Learning in a Networked World},
  author    = {Prieto, Luis P and Sharma, Kshitij and Dillenbourg, Pierre},
  publisher = {Springer International Publishing},
  pages     = {268--281},
  year      = 2015,
  address   = {Cham}
}

@article{Raja2018-mr,
  title   = {Impact of modern technology in education},
  author  = {Raja, R and Nagasubramani, P C},
  journal = {J. Appl. Adv. Res.},
  volume  = 3,
  number  = {S1},
  pages   = {33},
  year    = 2018
}

@book{Schatzman1972-zz,
  title     = {Field research strategies for a natural society},
  author    = {Schatzman, Leonard and Strauss, Anselm L},
  publisher = {Pearson},
  edition   = 1,
  year      = 1972,
  address   = {Upper Saddle River, NJ},
  language  = {en}
}

@article{Schwendimann2017-ci,
  title   = {Perceiving learning at a glance: A systematic literature review of
             learning dashboard research},
  author  = {Schwendimann, Beat A and Rodriguez-Triana, Maria Jesus and
             Vozniuk, Andrii and Prieto, Luis P and Boroujeni, Mina Shirvani
             and Holzer, Adrian and Gillet, Denis and Dillenbourg, Pierre},
  journal = {IEEE trans. learn. technol.},
  volume  = 10,
  number  = 1,
  pages   = {30--41},
  year    = 2017
}

@misc{Scholtz_undated-ip,
  title        = {Usability Evaluation},
  booktitle    = {Semanticscholar.org},
  author       = {Scholtz, Jean},
  howpublished = {\url{https://pdfs.semanticscholar.org/8dec/cec5ace9235878e6aab06c3cd54f7b33a2ce.pdf}},
  note         = {Accessed: 2021-1-31}
}

@article{Siemens2012-nf,
  title   = {Guest editorial - learning and knowledge analytics},
  author  = {Siemens, George and Ga{\v s}evi{\'c}, D},
  journal = {J. Educ. Technol. Soc.},
  year    = 2012
}

@article{Wang2005-nv,
  title    = {Design-based research and technology-enhanced learning
              environments},
  author   = {Wang, Feng and Hannafin, Michael J},
  journal  = {Educ. Technol. Res. Dev.},
  volume   = 53,
  number   = 4,
  pages    = {5--23},
  year     = 2005,
  language = {en}
}

@article{Wasson2020-lq,
  title    = {Learning design: European approaches},
  author   = {Wasson, Barbara and Kirschner, Paul A},
  journal  = {TechTrends},
  volume   = 64,
  number   = 6,
  pages    = {815--827},
  year     = 2020,
  language = {en}
}

@misc{Xhakaj_undated-xx,
  title        = {How Teachers Use Data to Help Students Learn: Contextual
                  Inquiry for the Design of a Dashboard},
  booktitle    = {Researchgate.net},
  author       = {Xhakaj, Franceska and Aleven, Vincent and Mclaren, Bruce M},
  howpublished = {\url{https://www.researchgate.net/publication/307854469_How_Teachers_Use_Data_to_Help_Students_Learn_Contextual_Inquiry_for_the_Design_of_a_Dashboard}},
  note         = {Accessed: 2021-1-31}
}

@misc{noauthor_undated-ex,
  title        = {Ergonomic requirements for office work with visual display
                  terminals ({VDTs})},
  booktitle    = {It.uu.se},
  howpublished = {\url{http://www.it.uu.se/edu/course/homepage/acsd/vt09/ISO9241part11.pdf}},
  note         = {Accessed: 2021-1-31}
}

@article{Persico2015-hp,
  title    = {Informing learning design with learning analytics to improve
              teacher inquiry: Informing {LD} with {LA} to improve teacher
              inquiry},
  author   = {Persico, Donatella and Pozzi, Francesca},
  journal  = {Br. J. Educ. Technol.},
  volume   = 46,
  number   = 2,
  pages    = {230--248},
  year     = 2015,
  language = {en}
}

@article{Dillenbourg2008-kt,
  title    = {The mechanics of {CSCL} macro scripts},
  author   = {Dillenbourg, Pierre and Hong, Fabrice},
  journal  = {Int. J. Comput. Support. Collab. Learn.},
  volume   = 3,
  number   = 1,
  pages    = {5--23},
  year     = 2008,
  language = {en}
}

@article{Amarasinghe2020-wt,
  title    = {Towards teacher orchestration load-aware teacher-facing
              dashboards},
  author   = {Amarasinghe, Ishari and Vujovic, Milica and Hern{\'a}ndez Leo,
              Davinia},
  journal  = {CEUR Workshop Proc.},
  year     = 2020,
  language = {en}
}

@misc{heuristics,
  title        = {10 Usability Heuristics for User Interface Design},
  booktitle    = {Nngroup.com},
  howpublished = {\url{https://www.nngroup.com/articles/ten-usability-heuristics/}},
  note         = {Accessed: 2021-1-31}
}

 @article{perraton_1981,
  title   = {A theory for distance education},
  volume  = {11},
  doi     = {10.1007/bf02254290},
  number  = {1},
  journal = {Prospects},
  author  = {Perraton, Hilary},
  year    = {1981},
  pages   = {13–24}
} 

 @article{garrison_shale_1987,
  title   = {Mapping the boundaries of distance education: Problems in defining the field},
  volume  = {1},
  doi     = {10.1080/08923648709526567},
  number  = {1},
  journal = {American Journal of Distance Education},
  author  = {Garrison, D. R. and Shale, D.},
  year    = {1987},
  pages   = {7–13}
} 
 @article{keegan_1988,
  title   = {Concepts: Problems in defining the field of distance education},
  volume  = {2},
  doi     = {10.1080/08923648809526619},
  number  = {2},
  journal = {American Journal of Distance Education},
  author  = {Keegan, Desmond},
  year    = {1988},
  pages   = {4–11}
} 
@article{holden_rada_2011,
  title   = {Understanding the Influence of Perceived Usability and Technology Self-Efficacy on Teachers’ Technology Acceptance},
  volume  = {43},
  doi     = {10.1080/15391523.2011.10782576},
  number  = {4},
  journal = {Journal of Research on Technology in Education},
  author  = {Holden, Heather and Rada, Roy},
  year    = {2011},
  pages   = {343–367}
} 

 @article{cuendet_2013,
  title   = {Designing augmented reality for the classroom},
  volume  = {68},
  doi     = {10.1016/j.compedu.2013.02.015},
  journal = {Computers, Education},
  author  = {Cuendet, Sébastien and Bonnard, Quentin and Do-Lenh, Son and Dillenbourg, Pierre},
  year    = {2013},
  pages   = {557–569}
} 

 @article{zhang_johnson_patel_paige_kubose_2003,
  title   = {Using usability heuristics to evaluate patient safety of medical devices},
  volume  = {36},
  doi     = {10.1016/s1532-0464(03)00060-1},
  number  = {1-2},
  journal = {Journal of Biomedical Informatics},
  author  = {Zhang, Jiajie and Johnson, Todd R and Patel, Vimla L and Paige, Danielle L and Kubose, Tate},
  year    = {2003},
  pages   = {23–30}
} 

 @book{fraenkel_wallen_hyun_2019,
  place     = {New York},
  title     = {How to design and evaluate research in education},
  publisher = {McGraw Hill},
  author    = {Fraenkel, Jack R. and Wallen, Norman E. and Hyun, Helen H.},
  year      = {2019}
} 
 @book{gravetter_2016,
  place     = {Stamford, CT},
  title     = {Research methods for the behavioral sciences},
  publisher = {Cengage Learning},
  author    = {Gravetter, Frederick J.},
  year      = {2016}
} 
 @misc{cosinuss,
  title   = {cosinuss° One},
  journal = {https://www.cosinuss.com/en/}
} 
 @misc{shimmer,
  title   = {ConsensysPRO},
  journal = {https://www.shimmersensing.com},
  author  = {Shimmer}
} 

@article{hernandez-leo_villasclaras-fernandez,
  title   = {COLLAGE: A collaborative Learning Design editor based on patterns},
  volume  = {9},
  journal = {Educational Technology Society},
  author  = {Hernandez Leo, Davinia and Villasclaras, Eloy},
  pages   = {58–71},
  year    = {2016}
}

@misc{ILDE,
  title   = {Integrated Learning Design Environment ILDE},
  journal = {https://ilde.upf.edu/},
  author  = {Hernandez Leo, Davinia and Villasclaras, Eloy}
}
 @article{vandooren_de,
  title   = {Emotional sweating across the body: Comparing 16 different skin conductance measurement locations},
  volume  = {106},
  doi     = {10.1016/j.physbeh.2012.01.020},
  number  = {2},
  journal = {Physiology Behavior},
  author  = {van Dooren, Marieke and de Vries, J.J.G. (Gert Jan) and Janssen, Joris H.},
  year    = {2012},
  pages   = {298–304}
} 